<collection xmlns="http://www.loc.gov/MARC21/slim">
<record>
  <leader>00357na 0a22001091i 450 </leader>
  <controlfield tag="001">IT\ICCU\CNCE\052586</controlfield>
  <controlfield tag="005">20020115000000.0</controlfield>
  <datafield tag="100" ind1=" " ind2=" ">
    <subfield code="a">20020115             0itac0103    ba</subfield>
  </datafield>
  <datafield tag="101" ind1=" " ind2=" ">
    <subfield code="a">ITA</subfield>
  </datafield>
  <datafield tag="200" ind1="1" ind2=" ">
    <subfield code="a">Descrizione dell&apos;apparato e de gl&apos;intermedi fatti per la storia dell&apos;esaltazione della croce</subfield>
  </datafield>
  <datafield tag="700" ind1=" " ind2="1">
    <subfield code="a">Cecchi,</subfield>
    <subfield code="b">Baccio</subfield>
    <subfield code="3">IT\ICCU\CNCA\002263</subfield>
  </datafield>
  <datafield tag="801" ind1=" " ind2="3">
    <subfield code="a">IT</subfield>
    <subfield code="b">ICCU</subfield>
    <subfield code="c">20201115</subfield>
  </datafield>
</record>
</collection>
